%!TEX root = Main.tex
techreport{tech_report_example,
    Author = {Some author},
    Date-Added = {2014-02-12},
    Date-Modified = {2014-02-12},
    Institution = {Aalborg University},
    Month = {February},
    Number = {8},
    Title = {The fat group - The making of a great game},
    Year = {2015}}

manual{manual_example,
    Date-Added = {2014-02-12},
    Date-Modified = {2014-02-12},
    Organization = {The fat group},
    Title = {How to make a great game},
    Year = {2015}}

article{article_example,
    Author = {The fat group},
    Date-Added = {2014-02-12},
    Date-Modified = {2014-02-12},
    Journal = {Great games illustrated},
    Number = {1},
    Pages = {80},
    Title = {On how great games are made},
    Volume = {27},
    Year = {2015}}

book{book_example,
    Author = {You get the idea},
    Date-Added = {2014-02-12},
    Date-Modified = {2014-02-12},
    Publisher = {Publisher},
    Read = {1},
    Title = {Game engines disected},
    Year = {2015},
    Edition = {1.}}

misc{misc_example,
    Howpublished = {\url{http://some.url.com}},
    Key = {Website name},
    Note = {Accessed: 12-02-2015},
    Title = {{Page name}},
    Year = {2015}}

@book{Digital_Signalbehandling,
    Author = {Erik HÃ¼che},
    Publisher = {Teknisk Forlag A/S},
    Title = {Digital Signalbehandling},
    Year = {1992},
    Edition = {1.}}

@article{eeg_music_listening,
    Author = {Yuan-Pin Lin, Chi-Hong Wang, Tzyy-Ping Jung, Tien-Lin Wu, Shyh-Kang Jeng, Jeng-Ren Duann, Jyh-Horng Chen},
    Journal = {Biomedical Engineering, IEEE Transactions on},
    Number = {7},
    Title = {EEG-Based Emotion Recognition in Music Listening},
    Volume = {57},
    Year = {2010}}

@misc{kinect_specs1,
    Howpublished = {\url{http://smeenk.com/kinect-field-of-view-comparison/}},
    Author = {Roland Smeenk},
    Note = {Accessed: 15-09-2015},
    Title = {{Kinect V1 and Kinect V2 fields of view compared}},
    Year = {2015}}

@misc{kinect_specs2,
    Howpublished = {\url{http://openkinect.org/wiki/Protocol_Documentation}},
    Author = {openkinect.org},
    Note = {Accessed: 15-09-2015},
    Title = {{Protocol Documentation}},
    Year = {2015}}

@misc{kinect_specs3,
    Howpublished = {\url{https://dev.windows.com/en-us/kinect/hardware}},
    Author = {Microsoft},
    Note = {Accessed: 15-09-2015},
    Title = {{Kinect hardware}},
    Year = {2015}}

@misc{kinect_specs4,
    Howpublished = {\url{http://www.theverge.com/2013/10/24/5024314/xbox-one-kinect-minimum-distance-improved}},
    Author = {Tom Warren},
    Note = {Accessed: 15-09-2015},
    Title = {{Leaked Xbox One manual reveals improved Kinect minimum distance}},
    Year = {2015}}


@misc{eye_blink_duration,
    Howpublished = {\url{http://bionumbers.hms.harvard.edu/bionumber.aspx?&id=100706&ver=1}},
    Author = {Harvard},
    Note = {Accessed: 15-09-2015},
    Title = {{B10NUMB3R5 - Average duration of a single eye blink}},
    Year = {2008}}